@book{IS,
   author = "Sommerville, Ian",
   title= "Ingeniería del Software",
   publisher = "Prentice Hall",
   year = "2005"
}

@MastersThesis{Benitez2010,
	author = "Benítez Mejías, Raúl",
	title = "Componente {BICA} de coreografías para robot {NAO} aplicado a terapias en enfermos de {Alzheimer}",
	school = "Universidad Rey Juan Carlos",
	year = "2010",
	type = "Proyecto {Fin} de {Carrera}"
}

@InProceedings{BICA2010,
	author = "Francisco Martín and Jose María Cañas and Carlos Agüero and Eduardo Perdices",
	title = "Behavior-based {Iterative Component Architecture} for robotic applications with the {Nao} humanoid",
	booktitle = "Proceedings of WAF2010 XI Physical Agents Workshop",
	pages = "131-142",
	year = 2010,
}

@misc{iso12207,
	author	= "ISO12207",
    title	= "Tecnología de la información - {Procesos} del ciclo de vida del software",
    year	= "2008",
}

@phdthesis{Breazeal2000,
	author		= "C. Breazeal",
	title		= "Sociable Machines: Expressive Social Exchange Between Humans and Robots",
	year		= "2000",
	school		= "Department of Electrical Engineering and Computer Science, MIT",
	type		= "Sc.D. dissertation",
}

@article{Breazeal99,
    author    = "C. Breazeal and B. Scassellati",
    title     = "A context-dependent attentiion system for a social robot",
    journal   = "Proceedints of the Syxteenth International Joint Conference on Artificial Intelligence (IJCAI99)",
    pages    = "1146-1151",
    year      = "1999",
}

@article{Shibata2003,
    author    = "T. Shibata and K. Wada and K. Tanie",
    title     = "Statiscal analysis and comparison of questionnaire results of subjective evaluation of seal robot in Japan and UK",
    journal   = "The 2003 IEEE International Conference on Robotics and Automation",
    pages    = "3152-3157",
    year      = "2003",
}

@article{Shibata2009,
    author    = "T. Shibata and K. Wada and Y. Ikeda and S. Sabanovic",
    title     = "Cross-cultural studies on subjective evaluation of a seal robot",
    journal   = "Advanced Robotics 23",
    pages    = "443-458",
    year      = "2009",
}

